@article{CitationBallard2018,
author = {Ballard, T and Vancouver, J B and Neal, A},
doi = {10.1037/apl0000304},
file = {:Users/timothyballard/Library/Application Support/Mendeley Desktop/Downloaded/Ballard, Vancouver, Neal - 2018 - On the Pursuit of Multiple Goals With Different Deadlines(2).pdf:pdf},
journal = {Journal of Applied Psychology},
publisher = {Online First Publication},
title = {{On the Pursuit of Multiple Goals With Different Deadlines}},
url = {http://dx.doi.org/10.1037/apl0000304http://dx.doi.org/10.1037/apl0000304},
year = {2018}
}
