@article{Ballard2019,
author = {Ballard, T and Sewell, D. K. and Cosgrove, D. and Neal, A},
journal = {Psychological Science},
title = {{Information processing in the face of reward versus punishment}},
year = {in press}
}
